<?xml version="1.0" encoding="UTF-8"?><collection xmlns="http://www.loc.gov/MARC21/slim"><record><leader>00555nam--2200181-i-4500</leader><controlfield tag="001">000013341</controlfield><controlfield tag="002">20161230</controlfield><controlfield tag="005">20161230201030</controlfield><controlfield tag="008">060222s1000------------r-----000-0-fre-d</controlfield><datafield ind1=" " ind2=" " tag="040"><subfield code="a">IFIN-HH</subfield></datafield><datafield ind1=" " ind2=" " tag="041"><subfield code="a">fre</subfield></datafield><datafield ind1=" " ind2=" " tag="080"><subfield code="a">535.375.56(043)</subfield></datafield><datafield ind1="1" ind2=" " tag="100"><subfield code="a">Attal, Brigitte</subfield></datafield><datafield ind1="1" ind2="0" tag="245"><subfield code="a">Etude de la diffusion raman anti-stokes coherente a la resonance electronique : application a la molecule d'iode en phase gazeuse</subfield><subfield code="b">These</subfield><subfield code="c">Brigitte attal</subfield></datafield><datafield ind1=" " ind2=" " tag="260"><subfield code="a">Paris</subfield><subfield code="b">Universite</subfield><subfield code="c">1978</subfield></datafield><datafield ind1=" " ind2=" " tag="300"><subfield code="a">90 P</subfield></datafield><datafield ind1=" " ind2=" " tag="852"><subfield code="a">48443</subfield><subfield code="c">535.37</subfield></datafield><datafield ind1=" " ind2=" " tag="CAT"><subfield code="a">Sys</subfield><subfield code="c">20110426</subfield><subfield code="h">160158</subfield></datafield></record></collection>